<?xml version="1.0" encoding="UTF-8"?><collection xmlns="http://www.loc.gov/MARC21/slim"><record><leader>00411nam--2200145-i-4500</leader><controlfield tag="001">000003000</controlfield><controlfield tag="002">20161230</controlfield><controlfield tag="005">20170127222238</controlfield><controlfield tag="008">060222s1000------------r-----000-0-eng-d</controlfield><datafield ind1=" " ind2=" " tag="080"><subfield code="a">801.3+802.0:016:5:62</subfield></datafield><datafield ind1=" " ind2=" " tag="245"><subfield code="a">Bibliography of interlingual scientific and technical dictionaries third edition enlarged</subfield></datafield><datafield ind1=" " ind2=" " tag="260"><subfield code="a">Paris</subfield><subfield code="b">Unesco</subfield><subfield code="c">1954</subfield></datafield><datafield ind1=" " ind2=" " tag="300"><subfield code="a">178 p</subfield></datafield><datafield ind1=" " ind2=" " tag="852"><subfield code="a">D.1004</subfield></datafield><datafield ind1=" " ind2=" " tag="CAT"><subfield code="a">SYS</subfield><subfield code="c">20170127</subfield><subfield code="h">222238</subfield></datafield></record></collection>